@misc{EuropeanCommission2021AIAct,
  author       = {{European Commission}},
  title        = {Proposal for a Regulation of the European Parliament and of the Council Laying Down Harmonised Rules on Artificial Intelligence (Artificial Intelligence Act) and Amending Certain Union Legislative Acts},
  year         = {2021},
  month        = apr,
  howpublished = {COM(2021) 206 final},
  url          = {https://eur-lex.europa.eu/legal-content/EN/TXT/?uri=CELEX:52021PC0206}
}

@inproceedings{Ribeiro2016,
  author    = {Marco Tulio Ribeiro and Sameer Singh and Carlos Guestrin},
  title     = {{"Why Should I Trust You?": Explaining the Predictions of Any Classifier}},
  booktitle = {Proceedings of the 22nd ACM SIGKDD International Conference on Knowledge Discovery and Data Mining},
  year      = {2016},
  pages     = {1135--1144},
  doi       = {10.1145/2939672.2939778},
  publisher = {ACM}
}

@article{Lundberg2017,
  author  = {Scott M. Lundberg and Su-In Lee},
  title   = {A Unified Approach to Interpreting Model Predictions},
  journal = {Advances in Neural Information Processing Systems 30 (NIPS 2017)},
  year    = {2017},
  pages   = {4765--4774},
  url     = {https://papers.nips.cc/paper/2017/hash/8a20a8621978632d76c43dfd28b67767-Abstract.html}
}

@book{Noble2018,
  author    = {Safiya Umoja Noble},
  title     = {Algorithms of Oppression: How Search Engines Reinforce Racism},
  publisher = {New York University Press},
  year      = {2018}
}

@article{Floridi2018,
  author    = {Luciano Floridi and Josh Cowls and Monica Beltramini and others},
  title     = {An Ethical Framework for a Good AI Society: Opportunities, Risks, Principles, and Recommendations},
  journal   = {AI and Society},
  year      = {2018},
  volume    = {33},
  number    = {4},
  pages     = {689--707},
  doi       = {10.1007/s00146-018-0841-5}
}
